<?xml version="1.0" encoding="UTF-8"?><collection xmlns="http://www.loc.gov/MARC21/slim"><record><leader>00495nam--2200169-i-4500</leader><controlfield tag="001">000043873</controlfield><controlfield tag="002">20161230</controlfield><controlfield tag="005">20161230201044</controlfield><controlfield tag="008">060222s1000------------r-----000-0-eng-d</controlfield><datafield ind1=" " ind2=" " tag="040"><subfield code="a">IFIN-HH</subfield></datafield><datafield ind1=" " ind2=" " tag="080"><subfield code="a">621.039(038)</subfield></datafield><datafield ind1="1" ind2=" " tag="100"><subfield code="a">Sube, Ralf</subfield></datafield><datafield ind1="1" ind2="0" tag="245"><subfield code="a">Kerntechnik. englisch, deutesch, franzosisch, russisch. mit etwa 30000 wortstellen</subfield><subfield code="b">Technik-worterbuch</subfield><subfield code="c">Ralf sube</subfield></datafield><datafield ind1=" " ind2=" " tag="260"><subfield code="a">Berlin</subfield><subfield code="b">Veb Verlag Technik</subfield><subfield code="c">1985</subfield></datafield><datafield ind1=" " ind2=" " tag="300"><subfield code="a">1199P</subfield></datafield><datafield ind1=" " ind2=" " tag="852"><subfield code="a">D.668</subfield><subfield code="c">SLT</subfield></datafield><datafield ind1=" " ind2=" " tag="CAT"><subfield code="a">Sys</subfield><subfield code="c">20130227</subfield><subfield code="h">140451</subfield></datafield></record></collection>